@ARTICLE{Hairer03geometricnumerical,
    author = {Ernst Hairer and Christian Lubich and Gerhard Wanner},
    title = {Geometric numerical integration illustrated by the St\"{o}rmer/Verlet method},
    journal = {Acta Numerica},
    year = {2003},
    volume = {12},
    pages = {399--450}
}

@ARTICLE{Einstein,
    author = {Albert Einstein},
    title = {{Erkl\"arung der Perihelbewegung der Merkur aus der allgemeinen Relativit\"atstheorie}},
    journal = {Sitzungsberichte der k\"oniglich preussischen Akademie der Wissenschaften},
    year = {18.11.1915}
}


@misc{Python,
  author = {{Python Software Foundation}},
  title = {Python},
  howpublished = {\url{https://www.python.org/}},
  note = {Accessed: 2017-12-07}
}

@misc{VPython,
  author = {David Scherer and others},
  title = {VPython - 3D Programming for Ordinary Mortals},
  howpublished = {\url{http://vpython.org}},
  note = {Accessed: 2017-12-07}
}

@misc{VPythonIntro,
  author = {Ruth Chabay, David Scherer and Bruce Sherwood},
  title = {VPython documentation - Tutorial},
  howpublished = {\url{http://www.vpython.org/contents/docs/VPython_Intro.pdf}},
  note = {Accessed: 2017-12-07}
}

@misc{MercuryFactSheet,
  author = {Dr. David R. Williams},
  title = {Mercury Fact Sheet},
  howpublished = {\url{https://nssdc.gsfc.nasa.gov/planetary/factsheet/mercuryfact.html}},
  note = {Accessed: 2017-12-07}
}

@misc{Matplotlib,
  author = {{The Matplotlib development team}},
  title = {Matplotlib},
  howpublished = {\url{https://matplotlib.org}},
  note = {Accessed: 2017-12-07}
}

@misc{MacPorts,
  author = {{The MacPorts Project}},
  title = {Installing MacPorts},
  howpublished = {\url{https://www.macports.org/install.php}},
  note = {Accessed: 2017-12-07}
}

@misc{Homebrew,
  author = {{Max Howell}},
  title = {Installing Homebrew},
  howpublished = {\url{https://docs.brew.sh/Installation.html}},
  note = {Accessed: 2017-12-07 (Website by R\'{e}mi Pr\'{e}vost, Mike McQuaid and Danielle Lalonde.)}
}

@misc{conda,
  author = {{Anaconda, Inc.}},
  title = {Downloading conda},
  howpublished = {\url{https://conda.io/docs/user-guide/install/download.html}},
  note = {Accessed: 2017-12-07}
}

@misc{Miniconda,
  author = {{Continuum Analytics}},
  title = {Miniconda},
  howpublished = {\url{https://conda.io/miniconda.html}},
  note = {Accessed: 2017-12-07}
}









